%modelo Dissertação
@MastersThesis{PONAHT,
  author = {Osmar Ponaht},
  title = {Aplicação da Matemática em Investimentos Financeiros: Cardeneta de Poupança e Títulos Públicos},
  school = {Centro de Ciências Exatas, Programa de Mestrado Profissional em Matemática em Rede Nacional, Universidade Federal do Espírito Santo},
  address = {Vitória},
  year = {2015},
  url = {http://repositorio.ufes.br/handle/10/1510},
  urldate = {2022-04-27}
}
 
%modelo livro
@book{Mauricio,
	Author = {Mauricio A. Vilches},
	Publisher = {UERJ},
	Title = {Cálculo para Economia e Administração: V.1},
	address = {Rio de Janeiro},
	editor={UERJ},
 Year = {2012}}

 
%modelo site
@MISC{CVM,
author = {Comissão de Valores Imobiliários},
title = {Títulos Públicos},
year = {2022},
howpublished={\url{https://www.investidor.gov.br/menu/Menu_Investidor/Old/Valores_Mobiliarios/Titulos_publicos.html}}
}

@misc{NASA2016,
author = { {A}dministra{\c{c}}{\~a}o{ }{N}acional{ }do{ }{E}spa{\c{c}}o{ }e{ }{A}eron{\'a}utica},
title = {{G}ráfico{ }da{ }{a}tmosfera{ }{s}uperior },
year = {2016},
url = {http://www.nasa.gov/pper-atmosphere-graphic.html},
date = {2016},
OPTsubtitle = {teste},
urldate = {2022-04-27},
address={Washington, DC},
publisher={NASA}
}

@misc{SchwaberSutherland2020,
    author = {Schwaber, Ken and Sutherland, Jeff},
    title = {O Guia do Scrum: O Guia Definitivo para o Scrum: As Regras do Jogo},
    year = {2020},
    note = {Disponível em: https://scrumguides.org/. Acesso em: 10/10/2025},
    organization = {Scrum.org e Scrum Inc.}
}

%modelo Artigos
@article{10.2307/2352957,
 ISSN = {00219398, 15375374},
 URL = {http://www.jstor.org/stable/2352957},
 author = {Charles R. Nelson and Andrew F. Siegel},
 journal = {The Journal of Business},
 number = {4},
 pages = {473--489},
 publisher = {University of Chicago Press},
 title = {Parsimonious Modeling of Yield Curves},
 urldate = {2022-06-11},
 volume = {60},
 year = {1987}
}

@incollection{siss2012afro,
  author    = {Siss, Ahyas},
  title     = {Afro-brasileiros e Educação Superior: notas para debates},
  booktitle = {Uma década de políticas afirmativas: panorama, argumentos e resultados},
  editor    = {Costa, Hilton and Pinhel, André and Silveira, Marcos Silva da},
  publisher = {Editora UEPG},
  address   = {Ponta Grossa},
  year      = {2012},
  pages     = {18--26}
}

@inproceedings{tarapanoff2006educacao,
  author    = {Tarapanoff, K.},
  title     = {Educação corporativa},
  booktitle = {Anais do 1º Congresso Iberoamericano de Gestão do Conhecimento e Inteligência Competitiva},
  year      = {2006},
  address   = {Curitiba},
  publisher = {CIETEP},
  pages     = {59--70},
  url       = {http://www.gecic.com.br},
  urldate      = {2006-10-22}
}

@book{bittar2001linguagem,
  author    = {Bittar, Eduardo Carlos Bianca},
  title     = {Linguagem jurídica},
  publisher = {Saraiva},
  address   = {São Paulo},
  year      = {2001}
}

@book{abnt2018nbr6022,
  author    = {ABNT, Associação Brasileira de Normas Técnicas},
  title     = {NBR 6022: artigo em publicação periódica técnica e/ou científica: apresentação},
  edition   = {2},
  address   = {Rio de Janeiro},
  year      = {2018},
  publisher = {outro}
}

%https://www.novatec.com.br/livros/scrum-guia-pratico-2ed/
@book{scrum-guia-projetos-ageis,
    author = {Brod, César},
    title = {Scrum: Guia Prático para Projetos Ágeis},
    edition   = {2},
    publisher = {Novatec},
    year = {2015}
}

@book{bastos2006aprendendo,
  author    = {Bastos, Cleverson Leite and Keller, Vicente},
  title     = {Aprendendo a aprender: introdução à metodologia científica},
  edition   = {19},
  address   = {Petrópolis},
  publisher = {Vozes},
  year      = {2006}
}

@book{horizonte2009censo,
  author    = {{Horizonte. Secretaria Municipal de Educação}},
  title     = {Censo escolar},
  address   = {Horizonte},
  publisher = {Secretaria Municipal de Educação},
  year      = {2009}
}

@book{ibge2003censo,
  author    = {{Instituto Brasileiro de Geografia e Estatística}},
  title     = {Censo 2003},
  address   = {Rio de Janeiro},
  publisher = {IBGE},
  year      = {2003}
}

@article{mueller2014universidades,
  author    = {Mueller, Suzana Pinheiro Machado and Perucchi, Valmira},
  title     = {Universidades e a produção de patentes: tópicos de interesse para o estudioso da informação tecnológica},
  journal   = {Perspectivas em Ciência da Informação},
  address   = {Belo Horizonte},
  volume    = {19},
  number    = {2},
  pages     = {15--36},
  year      = {2014}
}

@mastersthesis{rosas2008sustentabilidade,
  author    = {Rosas, Anny Jacquelline Cysne},
  title     = {Sustentabilidade da atividade produtora de água envasada em Fortaleza, CE},
  school    = {Universidade Federal do Ceará},
  address   = {Fortaleza},
  year      = {2008},
  note      = {186 f.},
  type      = {Dissertação (Mestrado em Desenvolvimento e Meio Ambiente)}
}

@article{sales2018bases,
  author    = {Sales, Weslayne Nunes de and others},
  title     = {Bases de dados para pesquisa em Engenharia de Produção: uma análise a partir do Portal de Periódicos da Capes},
  journal   = {Informação em Pauta},
  address   = {Fortaleza},
  volume    = {3},
  number    = {1},
  year      = {2018},
  url       = {http://www.periodicos.ufc.br/informacaoempauta/article/view/30895},
  urldate   = {2018-12-22},
  doi       = {10.32810/2525-3468.ip.v3i1.2018.30895}
}

@article{tristao2004sistema,
  author    = {Tristão, Ana Maria Delazari and Fachin, Gleisy Regina Bóries and Alarcon, Orestes Estevam},
  title     = {Sistema de classificação facetada e tesauros: instrumentos para organização do conhecimento},
  journal   = {Ciências da Informação},
  address   = {Brasília, DF},
  volume    = {33},
  number    = {2},
  pages     = {172--178},
  year      = {2004},
  url       = {http://revista.ibict.br/ciinf/index.php/ciinf/article/view/265/233},
  urldate   = {2014-10-02}
}

@book{ufc2017guia,
  author    = {{Universidade Federal do Ceará. Biblioteca Universitária}},
  title     = {Guia de normalização de trabalhos acadêmicos da Universidade Federal do Ceará},
  address   = {Fortaleza},
  publisher = {Biblioteca Universitária},
  year      = {2017}
}